@article{camporese2010surface,
  title={Surface-subsurface flow modeling with path-based runoff routing, boundary condition-based coupling, and assimilation of multisource observation data},
  author={Camporese, Matteo and Paniconi, Claudio and Putti, Mario and Orlandini, Stefano},
  journal={Water Resources Research},
  volume={46},
  number={2},
  year={2010},
  publisher={Wiley Online Library}
}

@article{weill2011coupling,
  title={Coupling water flow and solute transport into a physically-based surface--subsurface hydrological model},
  author={Weill, Sylvain and Mazzia, Annamaria and Putti, Mario and Paniconi, Claudio},
  journal={Advances in Water Resources},
  volume={34},
  number={1},
  pages={128--136},
  year={2011},
  publisher={Elsevier}
}

